<?xml version="1.0" encoding="UTF-8"?><collection xmlns="http://www.loc.gov/MARC21/slim"><record><leader>00626nam--2200217-i-4500</leader><controlfield tag="001">000041951</controlfield><controlfield tag="002">20161230</controlfield><controlfield tag="005">20161230201043</controlfield><controlfield tag="008">060222s1000------------r-----000-0-eng-d</controlfield><datafield ind1=" " ind2=" " tag="020"><subfield code="a">0713123133</subfield></datafield><datafield ind1=" " ind2=" " tag="040"><subfield code="a">IFIN-HH</subfield></datafield><datafield ind1=" " ind2=" " tag="080"><subfield code="a">539.1</subfield></datafield><datafield ind1="1" ind2=" " tag="100"><subfield code="a">Smith,C.J</subfield></datafield><datafield ind1="1" ind2="0" tag="245"><subfield code="a">The principles of atomic and nuclear physics</subfield><subfield code="c">C.j. smith, a.e. stokes</subfield></datafield><datafield ind1=" " ind2=" " tag="260"><subfield code="a">London</subfield><subfield code="b">Edward Arnold</subfield><subfield code="c">1972</subfield></datafield><datafield ind1=" " ind2=" " tag="300"><subfield code="a">VIII + 546 P</subfield></datafield><datafield ind1=" " ind2=" " tag="490"><subfield code="a">Electricity And Magnetism</subfield></datafield><datafield ind1=" " ind2=" " tag="500"><subfield code="a">This Book Is A Companion To Electricity And Magnetism By C.J. Smith</subfield></datafield><datafield ind1="1" ind2=" " tag="700"><subfield code="a">Stokes, A.E</subfield></datafield><datafield ind1=" " ind2=" " tag="852"><subfield code="a">36572</subfield><subfield code="c">539</subfield></datafield><datafield ind1=" " ind2=" " tag="CAT"><subfield code="a">Sys</subfield><subfield code="c">20111010</subfield><subfield code="h">093938</subfield></datafield></record></collection>